<?xml version="1.0" encoding="UTF-8"?><collection xmlns="http://www.loc.gov/MARC21/slim"><record><leader>00626nam--2200181-i-4500</leader><controlfield tag="001">000019487</controlfield><controlfield tag="002">20161230</controlfield><controlfield tag="005">20161230201033</controlfield><controlfield tag="008">060222s1000------------r-----000-0-eng-d</controlfield><datafield ind1=" " ind2=" " tag="040"><subfield code="a">IFIN-HH</subfield></datafield><datafield ind1=" " ind2=" " tag="080"><subfield code="a">539.1.07(061.3)</subfield></datafield><datafield ind1="1" ind2=" " tag="110"><subfield code="a">The Institution Of Electrical Engineers</subfield></datafield><datafield ind1="1" ind2="0" tag="245"><subfield code="a">Conference on nucleonic instrumentation</subfield><subfield code="b">23rd- 25th september 1968. university of reading palmer building</subfield></datafield><datafield ind1=" " ind2=" " tag="260"><subfield code="a">Tunbridge Wells, Kent</subfield><subfield code="b">The Institution Of Electrical Engineers</subfield><subfield code="c">1968</subfield></datafield><datafield ind1=" " ind2=" " tag="300"><subfield code="a">VII + 228 P</subfield></datafield><datafield ind1=" " ind2=" " tag="490"><subfield code="a">Iee Conference Publication</subfield><subfield code="v">No. 47</subfield></datafield><datafield ind1=" " ind2=" " tag="852"><subfield code="a">34235</subfield><subfield code="c">539.1.07:539.1.08</subfield></datafield><datafield ind1=" " ind2=" " tag="CAT"><subfield code="a">Sys</subfield><subfield code="c">20111024</subfield><subfield code="h">144738</subfield></datafield></record></collection>